@Online{APPROVER,
    author={{Talos S.r.l.s}},
    title={{A}pprover},
    year={2016},
    url={http://www.talos-security.com/}
}

@Article{SCIKIT,
    author={Pedregosa, F. and Varoquaux, G. and Gramfort, A. and Michel, V. and Thirion, B. and Grisel, O. and Blondel, M. and Prettenhofer, P. and Weiss, R. and Dubourg, V. and Vanderplas, J. and Passos, A. and Cournapeau, D. and Brucher, M. and Perrot, M. and Duchesnay, E.},
    title={{S}cikit-learn: {M}achine {L}earning in {P}ython},
    journal={Journal of Machine Learning Research},
    pages={2825--2830},
    year={2011},
    volume={12}
}

@InProceedings{SCIKIT_API,
    author={Lars Buitinck and Gilles Louppe and Mathieu Blondel and Fabian Pedregosa and Andreas Mueller and Olivier Grisel and Vlad Niculae and Peter Prettenhofer and Alexandre Gramfort and Jaques Grobler and Robert Layton and Jake VanderPlas and Arnaud Joly and Brian Holt and Ga{\"{e}}l Varoquaux},
    title={{API} design for machine learning software: experiences from the scikit-learn
    project},
    booktitle={ECML PKDD Workshop: Languages for Data Mining and Machine Learning},
    pages={108--122},
    year={2013}
}

@InProceedings{DREBIN_DATASET,
    author={Arp, Daniel and Spreitzenbarth, Michael and Hubner, Malte and Gascon, Hugo and Rieck, Konrad},
    title={{DREBIN}: {E}ffective and {E}xplainable {D}etection of {A}ndroid {M}alware in {Y}our {P}ocket},
    booktitle={NDSS},
    year={2014}
}

@Online{CONTAGIO_DATASET,
    title={{C}ontagio mobile malware mini dump},
    url={http://contagiominidump.blogspot.com/}
}

@Online{HUSTED_DATASET,
    author={Nathaniel Husted},
    title={{A}ndroid malware dataset},
    year={2011},
    url={http://cgi.cs.indiana.edu/~nhusted/dokuwiki/doku.php?id=datasets}
}

@Online{BHATIA_DATASET,
    author={Ashish Bhatia},
    title={{C}ollection of android malware samples},
    url={http://github.com/ashishb/android-malware}
}

@InProceedings{WANG_QUANTITATIVE,
    author={Wang, Yang and Zheng, Jun and Sun, Chen and Mukkamala, Srinivas},
    title = {{Q}uantitative {S}ecurity {R}isk {A}ssessment of {A}ndroid {P}ermissions and {A}pplications},
    booktitle={IFIP Annual Conference on Data and Applications Security and Privacy},
    pages={226--241},
    year={2013},
    organization={Springer}
}

@Book{STATISTICAL_INTRO,
    author = {James, Gareth and Witten, Daniela and Hastie, Trevor and Tibshirani, Robert},
    title = {{A}n {I}ntroduction to {S}tatistical {L}earning: {W}ith {A}pplications in {R}},
    year = {2014},
    isbn = {9781461471370},
    publisher = {Springer Publishing Company, Incorporated}
}

@Book{STATISTICAL_ELEMENTS,
    author={Hastie, T. and Tibshirani, R. and Friedman, J.},
    title={{T}he {E}lements of {S}tatistical {L}earning: {D}ata {M}ining, {I}nference, and {P}rediction},
    year={2009},
    isbn={9780387848587},
    publisher={Springer New York}
}

@book{PATTERN_RECOGNITION,
    author = {Bishop, Christopher M.},
    title = {{P}attern {R}ecognition and {M}achine {L}earning},
    year = {2006},
    isbn = {9780387310732},
    publisher = {Springer-Verlag New York, Inc.}
}

@InProceedings{CROSS_VALIDATION,
    author={Kohavi, Ron and others},
    title={{A} {S}tudy of {C}ross-{V}alidation and {B}ootstrap for {A}ccuracy {E}stimation and {M}odel {S}election},
    booktitle = {Proceedings of the 14th International Joint Conference on Artificial Intelligence - Volume 2},
    pages={1137--1145},
    year={1995},
    volume={14}
}

@Article{PERMISSION_FEATURES,
    author={Aung, Zarni and Zaw, Win},
    title={{P}ermission-{B}ased {A}ndroid {M}alware {D}etection},
    journal={International Journal of Scientific and Technology Research},
    pages={228--234},
    year={2013},
    volume={2}
}

@Online{ANDROGUARD,
    author={Anthony Desnos},
    title={{A}ndroguard - {R}everse engineering, {M}alware and goodware analysis of {A}ndroid applications},
    url={http://github.com/androguard/androguard/}
}

@Online{APKTOOL,
    author={Wiśniewski, Ryszard and Tumbleson, Connor},
    title={{A}pktool - {A} tool for reverse engineering {A}ndroid apk files},
    url={http://ibotpeaches.github.io/Apktool/}
}

@Online{SMALI,
    author={Ben Gruver},
    title={{S}mali - {A}ssembler/{D}isassembler for the dex format},
    url={http://github.com/JesusFreke/smali/}
}

@Article{BAYESIAN,
    author={Raschka, Sebastian},
    title={{N}aive {B}ayes and {T}ext {C}lassification {I} - {I}ntroduction and {T}heory},
    year={2014} 
}

@Article{BOOSTING,
    author={Mayr, Andreas and Binder, Harald and Gefeller, Olaf and Schmid, Matthias and others},
    title={{T}he evolution of boosting algorithms},
    journal={Methods of information in medicine},
    pages={419--427},    
    number={6},    
    year={2014},
    volume={53},
    publisher={Schattauer Publishers}
}

@Online{GARTNER,
    author={Gartner},
    title={{G}artner {S}ays {F}ive of {T}op 10 {W}orldwide {M}obile {P}hone {V}endors {I}ncreased {S}ales in {S}econd {Q}uarter of 2016},
    url={http://www.gartner.com/newsroom/id/3415117}
}

@InProceedings{CROWDROID,
    author={Burguera, Iker and Zurutuza, Urko and Nadjm-Tehrani, Simin},
    title={{C}rowdroid: {B}ehavior-{B}ased {M}alware {D}etection {S}ystem for {A}ndroid},
    booktitle={Proceedings of the 1st ACM workshop on Security and privacy in smartphones and mobile devices},
    pages={15--26},
    year={2011},
    organization={ACM}
}

@InProceedings{KIRIN,
    author={Enck, William and Ongtang, Machigar and McDaniel, Patrick},
    title={{O}n {L}ightweight {M}obile {P}hone {A}pplication {C}ertification},    
    booktitle={Proceedings of the 16th ACM conference on Computer and communications security},
    pages={235--245},
    year={2009},
    organization={ACM}
}

@InProceedings{PUMA,
    author={Sanz, Borja and Santos, Igor and Laorden, Carlos and Ugarte-Pedrero, Xabier and Bringas, Pablo Garcia and {\'A}lvarez, Gonzalo},
    title={{PUMA}: {P}ermission {U}sage to detect {M}alware in {A}ndroid},    
    booktitle={International Joint Conference CISIS’12-ICEUTE{\'{}} 12-SOCO{\'{}} 12 Special Sessions},
    pages={289--298},
    year={2013},
    organization={Springer}
}

@InProceedings{TWO_LAYER,
    author={Liu, Xing and Liu, Jiqiang},
    title={{A} {T}wo-layered {P}ermission-based {A}ndroid {M}alware {D}etection {S}cheme},    
    booktitle={Mobile Cloud Computing, Services, and Engineering (MobileCloud), 2014 2nd IEEE International Conference on},
    pages={142--148},
    year={2014},
    organization={IEEE}
}

@Article{ROTARU,
    author={Gates, Christopher S and Li, Ninghui and Peng, Hao and Sarma, Bhaskar and Qi, Yuan and Potharaju, Rahul and Nita-Rotaru, Cristina and Molloy, Ian},
    title={{G}enerating {S}ummary {R}isk {S}cores for {M}obile {A}pplications},    
    journal={IEEE Transactions on dependable and secure computing},
    pages={238--251},
    number={3},
    year={2014},
    volume={11},
    publisher={IEEE}
}

@Article{MULTILAYER_RISK,
    author={Li, Shancang and Tryfonas, Theo and Russell, Gordon and Andriotis, Panagiotis},
    title={{R}isk {A}ssessment for {M}obile {S}ystems {T}hrough a {M}ultilayered {H}ierarchical {B}ayesian {N}etwork},
    year={2016},
    publisher={IEEE}
}

@InProceedings{CATEGORICAL_RISK,
    author={Hao, Huikang and Li, Zhoujun and Yu, Haibo},
    title={{A}n {E}ffective {A}pproach to {M}easuring and {A}ssessing the {R}isk of {A}ndroid {A}pplication},    
    booktitle={Theoretical Aspects of Software Engineering (TASE), 2015 International Symposium on},
    pages={31--38},
    year={2015},
    organization={IEEE}
}

@InProceedings{GET_PROBABILITIES,
    author={Niculescu-Mizil, Alexandru and Caruana, Rich},
    title={{P}redicting {G}ood {P}robabilities {W}ith {S}upervised {L}earning},    
    booktitle={Proceedings of the 22nd international conference on Machine learning},
    pages={625--632},
    year={2005},
    organization={ACM}
}
